@misc{转段,
  title = {南京大学数学系“拔尖计划”、“强基计划”学生培养工作实施细则（修订版）},
},
@misc{推免,
  title = {2024年度南京大学数学学院推免生遴选工作实施细则},
},
@misc{培养方案,
  title = {数学系本科人才培养方案和教育教学计划（2021版）},
  url = {https://math.nju.edu.cn/bks/jxjh/20240322/i262413.html}
},
@misc{学校加分,
  title = {南京大学推荐2024年应届生免试攻读硕士研究生学分绩加分办法},
},
@misc{课程体系,
  title = {南京大学本科生课程体系导论},
},
@misc{ykgg保研经验贴,
  title = {2023保研经验贴},
  url = {https://pan.baidu.com/s/1AV6VQjdYDQXE2opFsY3HRg?pwd=uke3}
},
@misc{笔者的保研经验贴,
  title = {笔者的保研经验贴},
  url = {https://zhuanlan.zhihu.com/p/722033980?utm_psn=1823777703553286144}
},

